@misc{kettle_surge,
	author       = {Renewable Energy Hub},
	title        = {The Great British Kettle Surge},
	year         = {2023},
	howpublished = {\url{https://www.renewableenergyhub.co.uk/blog/the-great-british-kettle-surge}},
	note         = {Accessed: 2025-08-05}
}
@misc{IBM_loadforecasting,
	author       = {Amanda McGrath},
	title        = {What is Load Forecasting?},
	year         = {2024},
	howpublished = {\url{https://www.ibm.com/think/topics/load-forecasting}},
	note         = {Accessed: 2025-08-05}
}
@article{festas2001computational,
	title={Computational intelligence techniques for short-term electric load forecasting},
	author={Tzafestas, Spyros and Tzafestas, Elpida},
	journal={Journal of Intelligent and Robotic Systems},
	volume={31},
	number={1},
	pages={7--68},
	year={2001},
	publisher={Springer}
}