@misc{kettle_surge,
	author       = {RICHARD BURDETT-GARDINER},
	title        = {The Great British Kettle Surge},
	year         = {2023},
	howpublished = {\url{https://www.renewableenergyhub.co.uk/blog/the-great-british-kettle-surge}},
	note         = {Accessed: 2025-08-05}
}
@misc{IBM_loadforecasting,
	author       = {Amanda McGrath},
	title        = {What is Load Forecasting?},
	year         = {2024},
	howpublished = {\url{https://www.ibm.com/think/topics/load-forecasting}},
	note         = {Accessed: 2025-08-05}
}
@article{festas2001computational,
	title={Computational intelligence techniques for short-term electric load forecasting},
	author={Tzafestas, Spyros and Tzafestas, Elpida},
	journal={Journal of Intelligent and Robotic Systems},
	volume={31},
	number={1},
	pages={7--68},
	year={2001},
	publisher={Springer}
}

@article{
	han2018enhanced,
	author    = {Liang Han and Yuxuan Peng and Yifan Li and Bo Yong and Qixin Zhou and Lei Shu},
	title     = {Enhanced Deep Networks for Short-Term and Medium-Term Load Forecasting},
	journal   = {IEEE Access},
	volume    = {7},
	pages     = {4045--4055},
	year      = {2018},
	doi       = {10.1109/ACCESS.2018.2888942}
}
@article{li2023ultra,
author    = {K. Li and W. Huang and G. Hu and J. Li},
title     = {Ultra-Short Term Power Load Forecasting Based on CEEMDAN-SE and LSTM Neural Network},
journal   = {Energy and Buildings},
volume    = {279},
pages     = {112666},
year      = {2023},
doi       = {10.1016/j.enbuild.2022.112666}
}
@misc{shohan2022forecasting,
	title={Forecasting of electric load using a hybrid LSTM--neural prophet model. Energies 2022, 15, 2158},
	author={Shohan, J and Faruque, MO and Foo, S},
	year={2022},
	publisher={s Note: MDPI stays neutral with regard to jurisdictional claims in published~…}
}


@misc{shohan2022forecasting,
	title={Forecasting of electric load using a hybrid LSTM--neural prophet model. Energies 2022, 15, 2158},
	author={Shohan, J and Faruque, MO and Foo, S},
	year={2022},
	publisher={s Note: MDPI stays neutral with regard to jurisdictional claims in published~…}
}


@article{tarmanini2023short,
	title={Short term load forecasting based on ARIMA and ANN approaches},
	author={Tarmanini, Chafak and Sarma, Nur and Gezegin, Cenk and Ozgonenel, Okan},
	journal={Energy Reports},
	volume={9},
	pages={550--557},
	year={2023},
	publisher={Elsevier}
}
